@book{billingsley2008probability,
  title={Probability and measure},
  author={Billingsley, Patrick},
  year={1995},
  publisher={John Wiley \& Sons}
}

@book{billingsley2013convergence,
  title={Convergence of probability measures},
  author={Billingsley, Patrick},
  year={1968},
  publisher={John Wiley \& Sons}
}

@book{borodin2012handbook,
  title={Handbook of Brownian motion-facts and formulae},
  author={Borodin, Andrei N and Salminen, Paavo},
  year={2002},
  publisher={Birkh{\"a}user}
}

@book{czado2011mathematische,
  title={Mathematische Statistik},
  author={Czado, Claudia and Schmidt, Thorsten},
  year={2011},
  publisher={Springer}
}

@book{dudley2018real,
  title={Real Analysis and Probability},
  author={Dudley, Richard M},
  year={1999},
  publisher={Chapman and Hall/CRC}
}

@misc{heuser1975funktionalanalysis,
  title={Funktionalanalysis},
  author={Heuser, Harro},
  year={2006},
  publisher={Teubner}
}

@article{hjort2011asymptotics,
  title={Asymptotics for minimisers of convex processes},
  author={Hjort, Nils Lid and Pollard, David},
  journal={arXiv preprint arXiv:1107.3806},
  year={2011}
}

@book{jacod2012probability,
  title={Probability essentials},
  author={Jacod, Jean and Protter, Philip},
  year={2000},
  publisher={Springer Science \& Business Media}
}

@book{kallenberg2006foundations,
  title={Foundations of modern probability},
  author={Kallenberg, Olav},
  year={1997},
  publisher={Springer}
}

@article{hand2008statistical,
  title={Statistical Decision Theory: Estimation, Testing, and Selection by Friedrich Liese, Klaus-J. Miescke},
  author={Hand, David J},
  journal={International Statistical Review},
  volume={76},
  number={3},
  pages={450--450},
  year={2008},
  publisher={Wiley Online Library}
}

@book{witting1995mathematische,
  title={Mathematische Statistik II: Asymptotische Statistik: Parametrische Statistik und nichtparametrische Modelle},
  author = { Witting, Hermann AND Müller-Funk, Ulrich }, 
  publisher={Teubner},
  address={Stuttgart},
  year={1995}
}

@book{witting1985mathStat,
  author = { Witting, Hermann AND Müller-Funk, Ulrich },
  title = { Mathematische Statistik 1 Parametrische Verfahren bei festem Stichprobenumfang },
  publisher = {Teubner},
  isbn = {3519020262},
  isbn = {9783519020264},
  year = {1985},
  address = { Stuttgart }
} 

@book{royden1988real,
  title={Real analysis},
  author={Royden, Halsey Lawrence and Fitzpatrick, Patrick},
  volume={32},
  year={1988},
  publisher={Macmillan New York}
}

@book{schmidt2011mass,
  title={Ma{\ss} und Wahrscheinlichkeit},
  author={Schmidt, Klaus D},
  year={2011},
  publisher={Springer-Verlag}
}

@book {schubert423277teubner,
  author = { Schubert, Horst },
  title = { Topologie eine Einführung },
  edition = { 4. Aufl. } ,
  publisher = {Teubner},
  isbn = {3519122006},
  isbn = {9783519122005},
  keywords = { Einführung , Topologie },
  year = {1975},
  booktitle = {Mathematische Leitfäden},
  address = { Stuttgart },
} 

@book{shorack2009empirical,
  title={Empirical processes with applications to statistics},
  author={Shorack, Galen R and Wellner, Jon A},
  volume={59},
  year={1986},
  publisher={Siam}
}

@article{smirnov1949limit,
  title={Limit distributions for the terms of a variational series},
  author={Smirnov, Nikolai Vasil'evich},
  journal={Trudy Matematicheskogo Instituta imeni VA Steklova},
  volume={25},
  pages={3--60},
  year={1949},
  publisher={Russian Academy of Sciences, Steklov Mathematical Institute of Russian~…}
}
@book{gaensslerstute1977Wahrscheinlichkeitstheorie,
  author = { Gänssler, Peter AND Stute, Winfried },
  title = { Wahrscheinlichkeitstheorie },
  publisher = {Springer},
  isbn = {9780387084183},
  keywords = { Probabilities , Stochastic processes , Lehrbuch , Einführung , Wahrscheinlichkeitsrechnung },
  year = {1977},
  booktitle = {Hochschultext},
  address = { Berlin , Heidelberg [u.a.] }
} 
@article{ferger2014moment,
  title={Moment equalities for sums of random variables via integer partitions and Fa{\`a} di Bruno's formula},
  author={Ferger, Dietmar},
  journal={Turkish Journal of Mathematics},
  volume={38},
  number={3},
  pages={558--575},
  year={2014},
  publisher={The Scientific and Technological Research Council of Turkey}
}
@book{klenke2006wahrscheinlichkeitstheorie,
  title={Wahrscheinlichkeitstheorie},
  author={Klenke, Achim},
  volume={1},
  year={2008},
  publisher={Springer}
}
@article{prokhorov1956convergence,
  title={Convergence of random processes and limit theorems in probability theory},
  author={Prokhorov, Yu V},
  journal={Theory of Probability \& Its Applications},
  volume={1},
  number={2},
  pages={157--214},
  year={1956},
  publisher={SIAM}
}
@book{chow1997probability,
  title={Probability theory: independence, interchangeability, martingales},
  author={Chow, Yuan Shih and Teicher, Henry},
  year={1997},
  publisher={Springer Science \& Business Media}
}
@book{csorgo1997limit,
  title={Limit theorems in change-point analysis},
  author={Csörgő, Miklos and Horváth, Lajos},
  year={1997},
  publisher={John Wiley \& Sons Chichester}
}
@article{whitt1970weak,
  title={Weak convergence of probability measures on the function space C([0,unendlich))},
  author={Whitt, Ward},
  journal={The Annals of Mathematical Statistics},
  volume={41},
  number={3},
  pages={939--944},
  year={1970},
  publisher={JSTOR}
}
@article{ferger2014optimal,
  title={Optimal constants in the Marcinkiewicz--Zygmund inequalities},
  author={Ferger, Dietmar},
  journal={Statistics \& Probability Letters},
  volume={84},
  pages={96--101},
  year={2014},
  publisher={Elsevier}
}
@article{ferger1994asymptotic,
  title={Asymptotic distribution theory of change-point estimators and confidence intervals based on bootstrap approximation},
  author={Ferger, Dietmar},
  journal={Mathematical Methods of Statistics},
  volume={3},
  number={4},
  pages={362},
  year={1994},
  publisher={New York: Allerton Press, c1992-}
}
@article{rockafellar1972convex,
  title={Convex analysis},
  author={Rockafellar, RT},
  journal={Princeton Univ., Princeton, NJ},
  year={1972}
}
@article{ferger2018supremum,
  title={On the supremum of a Brownian bridge standardized by its maximizing point with applications to statistics},
  author={Ferger, Dietmar},
  journal={Statistics \& Probability Letters},
  volume={134},
  pages={63--69},
  year={2018},
  publisher={Elsevier}
}

@article{Ferger2018WeakCO,
  title={Weak convergence of probability measures to Choquet capacity functionals},
  author={Dietmar Ferger},
  journal={Turkish Journal of Mathematics},
  year={2018},
  volume={42},
  pages={1747-1764}
}
