@book{boerger,
author = {Egon Börger},
title = {Computability, complexity, logic},
publisher = {North Holland},
isbn = {0444874062},
isbn = {9780444874061},
isbn = {0049-237x},
keywords = {Mathematische Logik, Komplexitätstheorie, Berechenbarkeit},
year = {1989},
abstract = {Aus dem Dt. übers},
booktitle = {Studies in logic and the foundations of mathematics ; 128},
address = {Amsterdam},
url = {http://slubdd.de/katalog?TN_libero_mab21537475}
}

@book{hopcraftUllman,
author = {Hopcroft, John E. and Motwani, Rajeev and Ullman, Jeffrey D.},
title = {Introduction to Automata Theory,  Languages, and Computation (3rd Edition)},
year = {2006},
isbn = {0321462254},
publisher = {Addison-Wesley Longman Publishing Co., Inc.},
address = {USA}
}

@ARTICLE{chomsky3models,
author={Noam Chomsky},
title={Three models for the description of language},
journal={IRE Transactions on Information Theory},
year={1956},
volume={2},
number={3},
pages={113-124},
keywords={Languages;Markov processes;Natural languages;Testing;Laboratories;Markov processes;Impedance matching;Kernel;Research and development},
doi={10.1109/TIT.1956.1056813},
ISSN={2168-2712},
month={Sep.},}

