@book{boerger,
author = {Egon Börger},
title = {Computability, complexity, logic},
publisher = {North Holland},
isbn = {0444874062},
isbn = {9780444874061},
isbn = {0049-237x},
keywords = {Mathematische Logik, Komplexitätstheorie, Berechenbarkeit},
year = {1989},
abstract = {Aus dem Dt. übers},
booktitle = {Studies in logic and the foundations of mathematics ; 128},
address = {Amsterdam},
url = {http://slubdd.de/katalog?TN_libero_mab21537475}
}

@book{hopcraftUllman,
author = {Hopcroft, John E. and Motwani, Rajeev and Ullman, Jeffrey D.},
title = {Introduction to Automata Theory,  Languages, and Computation (3rd Edition)},
year = {2006},
isbn = {0321462254},
publisher = {Addison-Wesley Longman Publishing Co., Inc.},
address = {USA}
}

@ARTICLE{chomsky3models,
author={Noam Chomsky},
title={Three models for the description of language},
journal={IRE Transactions on Information Theory},
year={1956},
volume={2},
number={3},
pages={113-124},
keywords={Languages;Markov processes;Natural languages;Testing;Laboratories;Markov processes;Impedance matching;Kernel;Research and development},
doi={10.1109/TIT.1956.1056813},
ISSN={2168-2712},
month={Sep.},}

@book {TN_libero_mab2)32303,
author = { Rogers, Hartley },
title = { Theory of recursive functions and effective computability },
edition = { 3. print. } ,
publisher = {MIT Press},
isbn = {0262680521},
isbn = {9780262680523},
keywords = { Recursive functions , Computable functions , Rekursive Funktion , Berechenbarkeit },
year = {1992},
address = { Cambridge, Mass. [u.a.] },
url = { http://slubdd.de/katalog?TN_libero_mab2)32303 }
}

@book {chomskySyntax,
author = { Chomsky, Noam },
title = { Syntactic structures },
edition = { 11. pr. } ,
publisher = {Mouton},
isbn = {0075-3122},
year = {1975},
booktitle = {Ianua linguarum ; Series minor ; 4},
address = { The Hague [u.a.] },
url = { http://slubdd.de/katalog?TN_libero_mab2140701 }
}

@TECHREPORT{baader,
  AUTHOR = {Baader, Franz},
  TITLE = {{Formale Systeme -- Automatentheorie und Formale Sprachen}},
  TYPE = {Lecture Notes},
  INSTITUTION = {TU Dresden, Institut für theoretische Informatik},
  ADDRESS = {Dresden, Germany},
  YEAR = {2016},
}


