@Book{deuflhard_hohmann:1993,
 title = {Numerische Mathematik~1},
 publisher = {de Gruyter},
 year = {1993},
 author = {Peter Deuflhard and Andreas Hohmann},
}

@Book{deuflhard_bornemann:2008,
 title = {Numerische Mathematik~2 -- Gewöhnliche Differentialgleichungen},
 publisher = {de Gruyter},
 year = {2008},
 author = {Peter Deuflhard and Folkmar Bornemann},
}

@techreport{shewchuk:1994,
 author = {Shewchuk, Jonathan R},
 title = {An Introduction to the Conjugate Gradient Method Without the Agonizing Pain},
 year = {1994},
 publisher = {Carnegie Mellon University},
 address = {Pittsburgh, PA, USA},
}

@Article{hestenes_stiefel:1952,
 author = {Magnus R. Hestenes and Eduard Stiefel},
 title = {Methods of Conjugate Gradients for Solving Linear Systems},
 journal = {Journal of Research of the National Bureau of Standards},
 year = {1952},
 volume = {49},
 pages = {409--436}
}

@Article{duff_reid:1983,
 author = {I. S. Duff and J. K. Reid},
 title = {The Multifrontal Solution of Indefinite Sparse Symmetric Linear Equations},
 journal = {ACM Transactions on Mathematical Software (TOMS)},
 year = {1983},
 volume = {9},
 number = {3},
 pages = {302--325}
}

@Article{liu:1992,
 author = {Joseph Liu},
 title = {The Multifrontal Method for Sparse Matrix Solution: {T}heory and Practice},
 journal = {SIAM Review},
 year = {1992},
 volume = {34},
 number = {1},
 pages = {82--109}
}

@Article{marsden_west:2001,
 author={Marsden, J. E. and West, M.},
 title = {Discrete mechanics and variational integrators},
 volume = {10},
 doi = {10.1017/S096249290100006X},
 journal = {Acta Numerica},
 publisher = {Cambridge University Press},
 year = {2001},
 pages = {357--514}
}

@Book{hairer_lubich_wanner:2006,
 title = {Geometric Numerical Integration---Structure-Preserving Algorithms for Ordinary Differential Equations},
 publisher = {Springer},
 year = {2016},
 author = {Ernst Hairer and Christian Lubich and Gerhard Wanner},
 edition = {Zweite Auflage},
}

@Book{dieudonne:1960,
 title = {Foundations of Modern Analysis},
 publisher = {Academic Press},
 year = {1960},
 author = {Jean Dieudonn\'e}
}

@Article{benettin_giorgilli:1994,
  author =       {Benettin, Giancarlo and Giorgilli, Antonio},
  title =        {On the Hamiltonian interpolation of near-to-the
                  identity symplectic mappings with application to
                  symplectic integration algorithms},
  journal =      {Journal of Statistical Physics},
  year =         1994,
  volume =       74,
  pages =        {1117--1143},
  month =        {March},
  doi =          {10.1007/BF02188219}
}

@InCollection{mackay:1992,
 author = {R. MacKay},
 title = {Some Aspects of the Dynamics of Hamiltonian Systems},
 booktitle = {The Dynamics of Numerics and the Numerics of Dynamics},
 pages = {137--193},
 publisher = {Clarendon Press, Oxford},
 year = {1992},
 editor = {D.S. Broomhead and Arie Iserles},
}

@Article{wendlandt_marsden:1997,
 author = {J.M. Wendlandt and J.E. Marsden},
 title = {Mechanical Integrators Derived From a Discrete Variational Principle},
 journal = {Physica D},
 year = {1997},
 volume = {106},
 pages = {223--246},
}

@Article{hall_meyer:1976,
 author = {Charles A. Hall and W. Weston Meyer},
 title = {Optimal Error Bounds for Cubic Spline Interpolation},
 journal = {Journal of Approximation Theory},
 year = {1976},
 volume = {16},
 pages = {105--122},
}

@Book{nocedal_wright:2006,
 title = {Numerical Optimization},
 publisher = {Springer},
 year = {2006},
 author = {Jorge Nocedal and Stephen J. Wright}
}

@Book{dahmen_reusken:2008,
 title = {Numerik für Ingenieure und Naturwissenschaftler},
 publisher = {Springer},
 year = {2008},
 author = {Wolfgang Dahmen and Arnold Reusken}
}

@Book{hackbusch:1994,
 title = {Iterative Solution of Large Sparse Systems of Equations},
 publisher = {Springer},
 year = {1994},
 author = {Wolfgang Hackbusch}
}
